@Manual{	  wenzel:isabelle-isar:2020,
  title		= {The Isabelle/Isar Reference Manual},
  author	= {Makarius Wenzel},
  year		= 2020,
  note		= {Part of the Isabelle distribution.}
}
